<record><leader>00000cas a22000007a 4500</leader><controlfield tag="001">13322545</controlfield><controlfield tag="008">860321c19uu9999vtuwr ne      0   a0eng d</controlfield><datafield ind1=" " ind2=" " tag="010"><subfield code="a">sn 86001212 </subfield></datafield><datafield ind1=" " ind2=" " tag="040"><subfield code="a">NSD</subfield><subfield code="b">eng</subfield><subfield code="c">NSD</subfield><subfield code="d">OCLCQ</subfield></datafield><datafield ind1=" " ind2=" " tag="012"><subfield code="l">1</subfield></datafield><datafield ind1="1" ind2=" " tag="022"><subfield code="a">0887-6363</subfield><subfield code="l">0887-6363</subfield><subfield code="2">1</subfield></datafield><datafield ind1=" " ind2=" " tag="037"><subfield code="b">Rainwater Corp., P.O. Box 12, Killington, VT 05751</subfield></datafield><datafield ind1=" " ind2=" " tag="042"><subfield code="a">nsdp</subfield></datafield><datafield ind1=" " ind2="0" tag="222"><subfield code="a">Sherburne valley voice</subfield></datafield><datafield ind1="0" ind2="0" tag="245"><subfield code="a">Sherburne valley voice.</subfield></datafield><datafield ind1=" " ind2=" " tag="260"><subfield code="a">Killington, Vt. :</subfield><subfield code="b">Rainwater Corp.</subfield></datafield><datafield ind1=" " ind2=" " tag="310"><subfield code="a">Weekly</subfield></datafield><datafield ind1=" " ind2=" " tag="588"><subfield code="a">Description based on: Vol. 1, no. 16 (Feb. 28, 1986).</subfield></datafield><datafield ind1=" " ind2=" " tag="752"><subfield code="a">United States</subfield><subfield code="b">Vermont</subfield><subfield code="c">Rutland</subfield><subfield code="d">Sherburne.</subfield></datafield><datafield ind1="1" ind2=" " tag="029"><subfield code="a">AU@</subfield><subfield code="b">000025797271</subfield></datafield></record>